<record><leader>00000cas a22000007a 4500</leader><controlfield tag="001">12310801</controlfield><controlfield tag="008">850726d18721921wiuwr ne      0    0eng d</controlfield><controlfield tag="009">3770</controlfield><datafield ind1=" " ind2=" " tag="010"><subfield code="a">sn 85040881 </subfield></datafield><datafield ind1=" " ind2=" " tag="040"><subfield code="a">NPV</subfield><subfield code="b">eng</subfield><subfield code="c">NPV</subfield><subfield code="d">DLC</subfield><subfield code="d">NPV</subfield><subfield code="d">NVF</subfield></datafield><datafield ind1="1" ind2=" " tag="029"><subfield code="a">AU@</subfield><subfield code="b">000025807067</subfield></datafield><datafield ind1=" " ind2=" " tag="042"><subfield code="a">msc</subfield></datafield><datafield ind1="0" ind2="0" tag="050"><subfield code="a">Newspaper 10216-X</subfield></datafield><datafield ind1="0" ind2=" " tag="130"><subfield code="a">Stevens Point journal (Stevens Point, Wis. : 1872)</subfield></datafield><datafield ind1="0" ind2="4" tag="245"><subfield code="a">The Stevens Point journal.</subfield></datafield><datafield ind1=" " ind2=" " tag="260"><subfield code="a">Stevens Point, Wis. :</subfield><subfield code="b">Northrup &amp; Conery,</subfield><subfield code="c">1872-1921.</subfield></datafield><datafield ind1=" " ind2=" " tag="300"><subfield code="a">v.</subfield></datafield><datafield ind1=" " ind2=" " tag="310"><subfield code="a">Weekly</subfield></datafield><datafield ind1="0" ind2=" " tag="362"><subfield code="a">Vol. 2, no. 45 (Jan. 31, 1872)-v. 49, no. 2640 (Jan. 14, 1921).</subfield></datafield><datafield ind1=" " ind2=" " tag="500"><subfield code="a">Publisher varies.</subfield></datafield><datafield ind1=" " ind2=" " tag="515"><subfield code="a">Vols. for &lt;Apr. 8, 1876-Sept. 1, 1877&gt; called also whole no. &lt;307-380&gt;.</subfield></datafield><datafield ind1=" " ind2=" " tag="525"><subfield code="a">Supplements accompany some issues.</subfield></datafield><datafield ind1=" " ind2=" " tag="580"><subfield code="a">Other editions available: Stevens Point daily journal, Oct. 25, 1895-Jan. 14, 1921.</subfield></datafield><datafield ind1=" " ind2=" " tag="752"><subfield code="a">United States</subfield><subfield code="b">Wisconsin</subfield><subfield code="c">Portage</subfield><subfield code="d">Stevens Point.</subfield></datafield><datafield ind1="1" ind2=" " tag="775"><subfield code="t">Stevens Point daily journal</subfield><subfield code="w">(DLC)sn 86072137</subfield></datafield><datafield ind1="0" ind2="0" tag="780"><subfield code="t">Point (Stevens Point, Wis.)</subfield><subfield code="w">(DLC)sn 85040880</subfield></datafield><datafield ind1="0" ind2="7" tag="785"><subfield code="t">Gazette (Stevens Point, Wis.)</subfield><subfield code="w">(DLC)sn 85040879</subfield></datafield><datafield ind1="0" ind2="7" tag="785"><subfield code="t">Gazette and Stevens Point journal</subfield><subfield code="w">(DLC)sn 85040882</subfield></datafield></record>